% 13819354 
@Article{pmid13819354,
	Author="EDMONDS, M.  and ABRAMS, R. ",
	Title="{{P}olynucleotide biosynthesis: formation of a sequence of adenylate units from adenosine triphosphate by an enzyme from thymus nuclei}",
	Journal="J. Biol. Chem.",
	Year="1960",
	Volume="235",
	Pages="1142--1149",
	Month="Apr"
}

% 5288383 
@Article{pmid5288383,
	Author="Edmonds, M.  and Vaughan, M. H.  and Nakazato, H. ",
	Title="{{P}olyadenylic acid sequences in the heterogeneous nuclear {R}{N}{A} and rapidly-labeled polyribosomal {R}{N}{A} of {H}e{L}a cells: possible evidence for a precursor relationship}",
	Journal="Proc. Natl. Acad. Sci. U.S.A.",
	Year="1971",
	Volume="68",
	Number="6",
	Pages="1336--1340",
	Month="Jun"
}

% 6111419 
@Article{pmid6111419,
	Author="Brawerman, G. ",
	Title="{{T}he {R}ole of the poly({A}) sequence in mammalian messenger {R}{N}{A}}",
	Journal="CRC Crit. Rev. Biochem.",
	Year="1981",
	Volume="10",
	Number="1",
	Pages="1--38"
}

% 23774734 
@Article{pmid23774734,
	Author="Elkon, R.  and Ugalde, A. P.  and Agami, R. ",
	Title="{{A}lternative cleavage and polyadenylation: extent, regulation and function}",
	Journal="Nat. Rev. Genet.",
	Year="2013",
	Volume="14",
	Number="7",
	Pages="496--506",
	Month="Jul"
}

% 18411206 
@Article{pmid18411206,
	Author="Shen, Y.  and Ji, G.  and Haas, B. J.  and Wu, X.  and Zheng, J.  and Reese, G. J.  and Li, Q. Q. ",
	Title="{{G}enome level analysis of rice m{R}{N}{A} 3'-end processing signals and alternative polyadenylation}",
	Journal="Nucleic Acids Res.",
	Year="2008",
	Volume="36",
	Number="9",
	Pages="3150--3161",
	Month="May"
}

% 18566288 
@Article{pmid18566288,
	Author="Sandberg, R.  and Neilson, J. R.  and Sarma, A.  and Sharp, P. A.  and Burge, C. B. ",
	Title="{{P}roliferating cells express m{R}{N}{A}s with shortened 3' untranslated regions and fewer micro{R}{N}{A} target sites}",
	Journal="Science",
	Year="2008",
	Volume="320",
	Number="5883",
	Pages="1643--1647",
	Month="Jun"
}

